<?xml version="1.0" encoding="UTF-8"?><collection xmlns="http://www.loc.gov/MARC21/slim"><record><leader>00354nam--2200133-i-4500</leader><controlfield tag="001">000039776</controlfield><controlfield tag="002">20161230</controlfield><controlfield tag="005">20161230201042</controlfield><controlfield tag="008">060222s1000------------r-----000-0-eng-d</controlfield><datafield ind1=" " ind2=" " tag="080"><subfield code="a">517.11:511.2</subfield></datafield><datafield ind1=" " ind2=" " tag="100"><subfield code="a">Rozsa,Peter</subfield></datafield><datafield ind1=" " ind2=" " tag="245"><subfield code="a">Rekursive funktionen</subfield></datafield><datafield ind1=" " ind2=" " tag="260"><subfield code="a">Budapest, Verlag Der Ungarischen Akademie Der Wissenschaften, 1957. 278 P</subfield></datafield><datafield ind1=" " ind2=" " tag="852"><subfield code="a">7022</subfield></datafield></record></collection>